@article{transformer,
  author    = {Ashish Vaswani and
               Noam Shazeer and
               Niki Parmar and
               Jakob Uszkoreit and
               Llion Jones and
               Aidan N. Gomez and
               Lukasz Kaiser and
               Illia Polosukhin},
  title     = {Attention Is All You Need},
  journal   = {CoRR},
  volume    = {abs/1706.03762},
  year      = {2017},
  url       = {http://arxiv.org/abs/1706.03762},
  archivePrefix = {arXiv},
  eprint    = {1706.03762},
  timestamp = {Mon, 13 Aug 2018 16:48:37 +0200},
  biburl    = {https://dblp.org/rec/journals/corr/VaswaniSPUJGKP17.bib},
  bibsource = {dblp computer science bibliography, https://dblp.org}
},

@article{snn_overview,
    author={Pfeiffer, Michael and Pfeil, Thomas},   
    title={Deep Learning With Spiking Neurons: Opportunities and Challenges},      
    journal={Frontiers in Neuroscience},      
    volume={12},      
    pages={774},     
    year={2018},      
    url={https://www.frontiersin.org/article/10.3389/fnins.2018.00774},       
    doi={10.3389/fnins.2018.00774},      
    issn={1662-453X}
},

@article{dl_in_snn,
   title={Deep learning in spiking neural networks},
   volume={111},
   ISSN={0893-6080},
   url={http://dx.doi.org/10.1016/j.neunet.2018.12.002},
   DOI={10.1016/j.neunet.2018.12.002},
   journal={Neural Networks},
   publisher={Elsevier BV},
   author={Tavanaei, Amirhossein and Ghodrati, Masoud and Kheradpisheh, Saeed Reza and Masquelier, Timothée and Maida, Anthony},
   year={2019},
   month={Mar},
   pages={47–63}
}

@article{vision_transformer,
      title={An Image is Worth 16x16 Words: Transformers for Image Recognition at Scale}, 
      author={Alexey Dosovitskiy and Lucas Beyer and Alexander Kolesnikov and Dirk Weissenborn and Xiaohua Zhai and Thomas Unterthiner and Mostafa Dehghani and Matthias Minderer and Georg Heigold and Sylvain Gelly and Jakob Uszkoreit and Neil Houlsby},
      year={2020},
      eprint={2010.11929},
      archivePrefix={arXiv},
      primaryClass={cs.CV}
}

@article{rueckauer2016theory,
      title={Theory and Tools for the Conversion of Analog to Spiking Convolutional Neural Networks}, 
      author={Bodo Rueckauer and Iulia-Alexandra Lungu and Yuhuang Hu and Michael Pfeiffer},
      year={2016},
      eprint={1612.04052},
      archivePrefix={arXiv},
      primaryClass={stat.ML}
}

@article{imdb_dataset,
    title = "Learning Word Vectors for Sentiment Analysis",
    author = "Maas, Andrew L.  and
      Daly, Raymond E.  and
      Pham, Peter T.  and
      Huang, Dan  and
      Ng, Andrew Y.  and
      Potts, Christopher",
    booktitle = "Proceedings of the 49th Annual Meeting of the Association for Computational Linguistics: Human Language Technologies",
    month = jun,
    year = "2011",
    address = "Portland, Oregon, USA",
    publisher = "Association for Computational Linguistics",
    url = "https://www.aclweb.org/anthology/P11-1015",
    pages = "142--150",
}

@article{unsupervised_stdp,
    author={Diehl, Peter and Cook, Matthew},   
    title={Unsupervised learning of digit recognition using spike-timing-dependent plasticity},      
    journal={Frontiers in Computational Neuroscience},      
    volume={9},      
    pages={99},     
    year={2015},      
    url={https://www.frontiersin.org/article/10.3389/fncom.2015.00099},       
    doi={10.3389/fncom.2015.00099},      
    issn={1662-5188}
}

@article{snn_backpropagation,
    author={Lee, Jun Haeng and Delbruck, Tobi and Pfeiffer, Michael},   
    title={Training Deep Spiking Neural Networks Using Backpropagation},      
    journal={Frontiers in Neuroscience},      
    volume={10},
    pages={508},     
    year={2016},      
    url={https://www.frontiersin.org/article/10.3389/fnins.2016.00508},       
    doi={10.3389/fnins.2016.00508},      
    issn={1662-453X}
}

@article{event_driven_backprop,
        author={Neftci, Emre O. and Augustine, Charles and Paul, Somnath and Detorakis, Georgios},   
        title={Event-Driven Random Back-Propagation: Enabling Neuromorphic Deep Learning Machines},      
        journal={Frontiers in Neuroscience},      
        volume={11},      
        pages={324},     
        year={2017},      
        url={https://www.frontiersin.org/article/10.3389/fnins.2017.00324},       
        doi={10.3389/fnins.2017.00324},      
        issn={1662-453X},   
}

@article{supervised_temporal_coding,
      title={Supervised learning based on temporal coding in spiking neural networks}, 
      author={Hesham Mostafa},
      year={2017},
      eprint={1606.08165},
      archivePrefix={arXiv},
      primaryClass={cs.NE}
}

@article{surrogate,
      title={Surrogate Gradient Learning in Spiking Neural Networks}, 
      author={Emre O. Neftci and Hesham Mostafa and Friedemann Zenke},
      year={2019},
      eprint={1901.09948},
      archivePrefix={arXiv},
      primaryClass={cs.NE}
}

@article{slayer,
  author    = {Sumit Bam Shrestha and
               Garrick Orchard},
  title     = {{SLAYER:} Spike Layer Error Reassignment in Time},
  journal   = {CoRR},
  volume    = {abs/1810.08646},
  year      = {2018},
  url       = {http://arxiv.org/abs/1810.08646},
  archivePrefix = {arXiv},
  eprint    = {1810.08646},
  timestamp = {Wed, 31 Oct 2018 14:24:29 +0100},
  biburl    = {https://dblp.org/rec/journals/corr/abs-1810-08646.bib},
  bibsource = {dblp computer science bibliography, https://dblp.org}
}

@article{conversion_first,
  title={Spiking Deep Convolutional Neural Networks for Energy-Efficient Object Recognition},
  author={Yongqiang Cao and Y. Chen and D. Khosla},
  journal={International Journal of Computer Vision},
  year={2014},
  volume={113},
  pages={54-66}
}

@article{diehl_fast_classifying,
  title={Fast-classifying, high-accuracy spiking deep networks through weight and threshold balancing},
  author={Peter U. Diehl and D. Neil and Jonathan Binas and M. Cook and Shih-Chii Liu and M. Pfeiffer},
  journal={2015 International Joint Conference on Neural Networks (IJCNN)},
  year={2015},
  pages={1-8}
}

@article{conversion_continuous_valued,
    author={Rueckauer, Bodo and Lungu, Iulia-Alexandra and Hu, Yuhuang and Pfeiffer, Michael and Liu, Shih-Chii},   
    title={Conversion of Continuous-Valued Deep Networks to Efficient Event-Driven Networks for Image Classification},  
    journal={Frontiers in Neuroscience},      
    volume={11},      
    pages={682},     
    year={2017},      
    url={https://www.frontiersin.org/article/10.3389/fnins.2017.00682},       
    doi={10.3389/fnins.2017.00682},      
    issn={1662-453X}
}

@article{kim2019spikingyolo,
      title={Spiking-YOLO: Spiking Neural Network for Energy-Efficient Object Detection}, 
      author={Seijoon Kim and Seongsik Park and Byunggook Na and Sungroh Yoon},
      year={2019},
      eprint={1903.06530},
      archivePrefix={arXiv},
      primaryClass={cs.CV}
}

@article{hu2020spiking,
      title={Spiking Deep Residual Network}, 
      author={Yangfan Hu and Huajin Tang and Gang Pan},
      year={2020},
      eprint={1805.01352},
      archivePrefix={arXiv},
      primaryClass={cs.NE}
}

@article{deeper_spiking,
    author={Sengupta, Abhronil and Ye, Yuting and Wang, Robert and Liu, Chiao and Roy, Kaushik},   
    title={Going Deeper in Spiking Neural Networks: VGG and Residual Architectures},     
    journal={Frontiers in Neuroscience},      
    volume={13},      
    pages={95},     
    year={2019},      
    url={https://www.frontiersin.org/article/10.3389/fnins.2019.00095},       
    doi={10.3389/fnins.2019.00095},      
    issn={1662-453X}
}

@article{hybrid_conversion,
      title={Enabling Deep Spiking Neural Networks with Hybrid Conversion and Spike Timing Dependent Backpropagation}, 
      author={Nitin Rathi and Gopalakrishnan Srinivasan and Priyadarshini Panda and Kaushik Roy},
      year={2020},
      eprint={2005.01807},
      archivePrefix={arXiv},
      primaryClass={cs.LG}
}

@article{performer,
      title={Rethinking Attention with Performers}, 
      author={Krzysztof Choromanski and Valerii Likhosherstov and David Dohan and Xingyou Song and Andreea Gane and Tamas Sarlos and Peter Hawkins and Jared Davis and Afroz Mohiuddin and Lukasz Kaiser and David Belanger and Lucy Colwell and Adrian Weller},
      year={2021},
      eprint={2009.14794},
      archivePrefix={arXiv},
      primaryClass={cs.LG}
}

@article{linformer,
      title={Linformer: Self-Attention with Linear Complexity}, 
      author={Sinong Wang and Belinda Z. Li and Madian Khabsa and Han Fang and Hao Ma},
      year={2020},
      eprint={2006.04768},
      archivePrefix={arXiv},
      primaryClass={cs.LG}
}

@article{snn_energy_eff,
  title={A million spiking-neuron integrated circuit with a scalable communication network and interface},
  author={Paul Merolla and J. Arthur and Rodrigo Alvarez-Icaza and Andrew S. Cassidy and J. Sawada and Filipp Akopyan and B. Jackson and N. Imam and C. Guo and Y. Nakamura and Bernard Brezzo and I. Vo and Steven K. Esser and Rathinakumar Appuswamy and B. Taba and A. Amir and M. D. Flickner and W. Risk and R. Manohar and D. Modha},
  journal={Science},
  year={2014},
  volume={345},
  pages={668 - 673}
}